<record><leader>00000cas a2200000 a 4500</leader><controlfield tag="001">12656722</controlfield><controlfield tag="008">851010d18021805vauir ne      0    0eng c</controlfield><datafield ind1=" " ind2=" " tag="010"><subfield code="a">sn 85034328 </subfield></datafield><datafield ind1=" " ind2=" " tag="040"><subfield code="a">NPU</subfield><subfield code="b">eng</subfield><subfield code="c">NPU</subfield><subfield code="d">NPA</subfield><subfield code="d">NPI</subfield><subfield code="d">KNP</subfield><subfield code="d">DLC</subfield><subfield code="d">NYS</subfield><subfield code="d">KNP</subfield><subfield code="d">NVK</subfield><subfield code="d">MBN</subfield><subfield code="d">IUL</subfield><subfield code="d">OCL</subfield><subfield code="d">CVF</subfield><subfield code="d">NYS</subfield><subfield code="d">INU</subfield><subfield code="d">OCLCQ</subfield><subfield code="d">OCLCA</subfield><subfield code="d">OCLCF</subfield></datafield><datafield ind1="1" ind2=" " tag="029"><subfield code="a">AU@</subfield><subfield code="b">000020104100</subfield></datafield><datafield ind1=" " ind2=" " tag="042"><subfield code="a">pcc</subfield></datafield><datafield ind1=" " ind2=" " tag="043"><subfield code="a">n-us-va</subfield><subfield code="a">n-us-dc</subfield></datafield><datafield ind1="0" ind2="0" tag="050"><subfield code="a">Newspaper</subfield></datafield><datafield ind1="0" ind2="0" tag="245"><subfield code="a">Alexandria expositor and the Columbian advertiser.</subfield></datafield><datafield ind1="3" ind2="0" tag="246"><subfield code="a">Alexandria expositor</subfield></datafield><datafield ind1="3" ind2="0" tag="246"><subfield code="a">Columbian advertiser</subfield></datafield><datafield ind1=" " ind2=" " tag="260"><subfield code="a">Alexandria [Va.] :</subfield><subfield code="b">J. Lyon &amp; R. Dinmore,</subfield><subfield code="c">1802-1805.</subfield></datafield><datafield ind1=" " ind2=" " tag="300"><subfield code="a">v.</subfield></datafield><datafield ind1=" " ind2=" " tag="310"><subfield code="a">Three times a week</subfield></datafield><datafield ind1="0" ind2=" " tag="362"><subfield code="a">Vol. 1, no. 1 (Nov. 26, 1802)-v. 3, no. 534 (Mar. 4, 1805).</subfield></datafield><datafield ind1=" " ind2=" " tag="530"><subfield code="a">Also issued on microfilm by Readex Microprint Corp.</subfield></datafield><datafield ind1=" " ind2="0" tag="651"><subfield code="a">Alexandria (Va.)</subfield><subfield code="v">Newspapers.</subfield></datafield><datafield ind1=" " ind2="0" tag="651"><subfield code="a">Alexandria County (Va.)</subfield><subfield code="v">Newspapers.</subfield></datafield><datafield ind1=" " ind2="0" tag="651"><subfield code="a">Washington (D.C.)</subfield><subfield code="v">Newspapers.</subfield></datafield><datafield ind1=" " ind2="7" tag="655"><subfield code="a">Newspapers.</subfield><subfield code="2">fast</subfield><subfield code="0">(OCoLC)fst01423814</subfield></datafield><datafield ind1=" " ind2="7" tag="651"><subfield code="a">Virginia</subfield><subfield code="z">Alexandria.</subfield><subfield code="2">fast</subfield><subfield code="0">(OCoLC)fst01206236</subfield></datafield><datafield ind1=" " ind2="7" tag="651"><subfield code="a">Virginia</subfield><subfield code="z">Alexandria County.</subfield><subfield code="2">fast</subfield><subfield code="0">(OCoLC)fst01225052</subfield></datafield><datafield ind1=" " ind2="7" tag="651"><subfield code="a">Washington (D.C.)</subfield><subfield code="2">fast</subfield><subfield code="0">(OCoLC)fst01204505</subfield></datafield><datafield ind1=" " ind2=" " tag="752"><subfield code="a">United States</subfield><subfield code="b">Virginia</subfield><subfield code="c">Alexandria</subfield><subfield code="d">Alexandria.</subfield></datafield><datafield ind1=" " ind2=" " tag="752"><subfield code="a">United States</subfield><subfield code="b">District of Columbia</subfield><subfield code="c">District of Columbia</subfield><subfield code="d">Alexandria.</subfield></datafield><datafield ind1="0" ind2=" " tag="775"><subfield code="t">Alexandria expositor, for the country</subfield><subfield code="w">(DLC)sn 86077174</subfield><subfield code="w">(OCoLC)13724229</subfield></datafield><datafield ind1="0" ind2="0" tag="780"><subfield code="t">Columbian advertiser and commercial, mechanic, and agricultural gazette</subfield><subfield code="w">(DLC)sn 85025025</subfield><subfield code="w">(OCoLC)11551715</subfield></datafield><datafield ind1="0" ind2="0" tag="785"><subfield code="t">Alexandria expositor</subfield><subfield code="w">(DLC)sn 86077175</subfield><subfield code="w">(OCoLC)13724240</subfield></datafield></record>